@inproceedings{goerke2009,
  title={Building semantic annotated maps by mobile robots},
  author={Goerke, Nils and Braun, Sven},
  booktitle={Proceedings of the Conference Towards Autonomous Robotic Systems, Londonderry, UK},
  year={2009}
},

@misc{ROSmain,
  title = {{General description of the Robot Operating System}},
  howpublished = {\url{http://www.ros.org/about-ros}},
  note = {Accessed: 2013-11-21}
}

@misc{ROSRoomrider,
	title = {{RoomRider driver package description in ROSWiki}},
  	howpublished = {\url{http://wiki.ros.org/roomrider_driver}},
  	note = {Accessed: 2013-11-21}
 }


@misc{ROSSicks,
	title = {{SICKS300 driver package description in ROSWiki}},
  	howpublished = {\url{http://wiki.ros.org/sicks300}},
  	note = {Accessed: 2013-11-21}
 }

@misc{ROSPackages,
  title = {{ROS Packages in ROSWiki}},
    howpublished = {\url{http://wiki.ros.org/Packages}},
    note = {Accessed: 2013-11-21}
 }

@inproceedings{ICP1992,
  title={Method for registration of 3-D shapes},
  author={Besl, Paul J and McKay, Neil D},
  booktitle={Robotics-DL tentative},
  pages={586--606},
  year={1992},
  organization={International Society for Optics and Photonics}
}

@misc{stub,
	title = {{}},
  	howpublished = {\url{}},
  	note = {Accessed: 2013-11-21}
 }
